@book{terras_1999,
place={Cambridge},
series={London Mathematical Society Student Texts},
title={Fourier Analysis on Finite Groups and Applications},
DOI={10.1017/CBO9780511626265}, publisher={Cambridge University Press},
author={Terras, Audrey},
year={1999},
collection={London Mathematical Society Student Texts}}

@book{lidl1994introduction,
  title={Introduction to Finite Fields and Their Applications},
  author={Lidl, R. and Niederreiter, H.},
  isbn={9780521460941},
  lccn={85009704},
  url={https://books.google.it/books?id=AvY3PHlle3wC},
  year={1994},
  publisher={Cambridge University Press}
}
